
@book{Sutton98,
  title={Reinforcement learning: An introduction},
  author={Sutton, Richard S and Barto, Andrew G},
  volume={1},
  year={1998},
  publisher={MIT press Cambridge}
}

@inproceedings{Russell98,
  title={Learning agents for uncertain environments},
  author={Russell, Stuart},
  booktitle={Proceedings of the eleventh annual conference on Computational learning theory},
  pages={101--103},
  year={1998},
  organization={ACM}
}

@inproceedings{Ng99,
  title={Policy invariance under reward transformations: Theory and application to reward shaping},
  author={Ng, Andrew Y and Harada, Daishi and Russell, Stuart},
  booktitle={ICML},
  volume={99},
  pages={278--287},
  year={1999}
}

@inproceedings{Ng00,
  title={Algorithms for inverse reinforcement learning.},
  author={Ng, Andrew Y and Russell, Stuart J and others},
  booktitle={Icml},
  pages={663--670},
  year={2000}
}

@inproceedings{Zhu03,
  title={Semi-supervised learning using gaussian fields and harmonic functions},
  author={Zhu, Xiaojin and Ghahramani, Zoubin and Lafferty, John and others},
  booktitle={ICML},
  volume={3},
  pages={912--919},
  year={2003}
}

@inproceedings{Abbeel04,
  title={Apprenticeship learning via inverse reinforcement learning},
  author={Abbeel, Pieter and Ng, Andrew Y},
  booktitle={Proceedings of the twenty-first international conference on Machine learning},
  pages={1},
  year={2004},
  organization={ACM}
}

@inproceedings{Vasquez14,
  title={An open framework for human-like autonomous driving using Inverse Reinforcement Learning},
  author={Vasquez, Dizan and Yu, Yufeng and Kumar, Suryansh and Laugier, Christian},
  booktitle={2014 IEEE Vehicle Power and Propulsion Conference (VPPC)},
  pages={1--4},
  year={2014},
  organization={IEEE}
}
